<?xml version='1.0' encoding='utf-8'?>
<record xmlns="http://www.loc.gov/MARC21/slim" xmlns:xsi="http://www.w3.org/2001/XMLSchema-instance" xsi:schemaLocation="http://www.loc.gov/MARC21/slim http://www.loc.gov/standards/marcxml/schema/MARC21slim.xsd">
  <leader>00000npc  2200541za 4500</leader>
  <controlfield tag="005">20150623131554.0</controlfield>
  <controlfield tag="008">970917i19031951ilu                 eng d</controlfield>
  <datafield tag="035" ind1=" " ind2=" ">
    <subfield code="a">(OCoLC)ocm80491571</subfield>
  </datafield>
  <datafield tag="040" ind1=" " ind2=" ">
    <subfield code="a">MiU-H</subfield>
    <subfield code="c">MiU-H</subfield>
    <subfield code="e">appm</subfield>
  </datafield>
  <datafield tag="100" ind1="1" ind2=" ">
    <subfield code="a">Jensen, Jens,</subfield>
    <subfield code="d">1860-1951.</subfield>
  </datafield>
  <datafield tag="245" ind1="1" ind2="0">
    <subfield code="a">Jens Jensen drawings and papers,</subfield>
    <subfield code="f">1903-1951</subfield>
    <subfield code="g">(bulk 1910-1934).</subfield>
  </datafield>
  <datafield tag="300" ind1=" " ind2=" ">
    <subfield code="a">93 oversize folders and 2 linear ft.</subfield>
  </datafield>
  <datafield tag="545" ind1="0" ind2=" ">
    <subfield code="a">Jens Jensen was one of America's most visionary prairie school landscape architects.</subfield>
    <subfield code="b">Born in 1860 in Denmark, Jensen emigrated to the United States in 1884, settling in Chicago, where he was hired as a laborer for the park system. Advancing rapidly, he soon became foreman of Union and Humboldt parks. Fired in 1900 because he refused to participate in the political graft rampant in the city, Jensen began a private practice on the new estates of Chicago's wealthy North Shore.</subfield>
  </datafield>
  <datafield tag="545" ind1=" " ind2=" ">
    <subfield code="b">Returning to West Parks in 1906 as chief landscape architect, he renovated deteriorating Garfield, Humboldt, Douglas and other smaller parks in his own distinctive style. These parks became the first public expression of the prairie style in American landscape architecture. Jensen's art was based on an intense knowledge of midwestern plantlife and ecosystems.</subfield>
  </datafield>
  <datafield tag="545" ind1=" " ind2=" ">
    <subfield code="b">Characteristics include utilization of horizontal lines in landforms and stonework, the natural branching habits of plants, and the restoration and conservation of native plant materials. Jensen retired from the parks in 1920 to devote more time to his practice, Jensen's private work included collaborations with prairie school architects included Louis Sullivan, Hugh Garden, and Frank Lloyd Wright.</subfield>
  </datafield>
  <datafield tag="545" ind1=" " ind2=" ">
    <subfield code="b">A leading spokesperson for park reform, Jensen formed the Prairie Club and the Friends of Our Native Landscape, which were instrumental in the development of the Illinois state park system, Indiana Dunes State Park, and environmental policy in Michigan and Wisconsin. In 1935 he built a school called The Clearing in Wisconsin.</subfield>
  </datafield>
  <datafield tag="520" ind1=" " ind2=" ">
    <subfield code="a">The collection is comprised of approximately two thousand landscape architectural drawings (largely original with a scattering of prints) representing Jensen's work from ca. 1903 until retirement in 1934.</subfield>
  </datafield>
  <datafield tag="520" ind1=" " ind2=" ">
    <subfield code="a">In addition, there is a small accumulation of manuscript material, including correspondence, a few photographs, publications and lecture notes (.5 linear ft.). More than four hundred and sixty projects are arranged alphabetically by project title, foldered and stored in flat file drawers. Parks and preserves, schools, residential areas, estates, hospitals, office complexes and government centers are all represented, although the number of drawings for each project varies widely.</subfield>
  </datafield>
  <datafield tag="520" ind1=" " ind2=" ">
    <subfield code="a">Work consists mainly of drawings in black ink or graphite on linen and tracing paper, with occasional sketches rendered in colored pencil. Of particular significance are drawings for Chicago parks; estate work executed for Edsel Ford in Michigan and Maine; the "ideal section" of the Lincoln Highway; and the Avery Coonly and Henry Babson estates in Riverside, Illinois -- collaborations with Frank Lloyd Wright and Louis Sullivan respectively.</subfield>
  </datafield>
  <datafield tag="555" ind1="0" ind2=" ">
    <subfield code="a">Finding aid in the library.</subfield>
  </datafield>
  <datafield tag="555" ind1="0" ind2=" ">
    <subfield code="a">Finding aid available via World Wide Web at URL: http://quod.lib.umich.edu/cgi/f/findaid/findaid-idx?c=bhlead&amp;idno=umich-bhl-97105</subfield>
  </datafield>
  <datafield tag="500" ind1=" " ind2=" ">
    <subfield code="a">Donor: 9164</subfield>
  </datafield>
  <datafield tag="650" ind1=" " ind2="0">
    <subfield code="a">City planning</subfield>
    <subfield code="z">Illinois</subfield>
    <subfield code="z">Chicago.</subfield>
  </datafield>
  <datafield tag="650" ind1=" " ind2="0">
    <subfield code="a">Conservationists</subfield>
    <subfield code="z">United States.</subfield>
  </datafield>
  <datafield tag="600" ind1="1" ind2="0">
    <subfield code="a">Ford, Edsel,</subfield>
    <subfield code="d">1893-1943.</subfield>
  </datafield>
  <datafield tag="600" ind1="1" ind2="0">
    <subfield code="a">Jensen, Jens,</subfield>
    <subfield code="d">1860-1951.</subfield>
  </datafield>
  <datafield tag="650" ind1=" " ind2="0">
    <subfield code="a">Landscape architects</subfield>
    <subfield code="z">Illinois</subfield>
    <subfield code="z">Chicago.</subfield>
  </datafield>
  <datafield tag="650" ind1=" " ind2="0">
    <subfield code="a">Landscape architects</subfield>
    <subfield code="z">United States.</subfield>
  </datafield>
  <datafield tag="655" ind1=" " ind2="7">
    <subfield code="a">Landscape architecture drawings.</subfield>
    <subfield code="2">gmgpc</subfield>
  </datafield>
  <datafield tag="650" ind1=" " ind2="0">
    <subfield code="a">Landscape architecture</subfield>
    <subfield code="v">Designs and plans.</subfield>
  </datafield>
  <datafield tag="650" ind1=" " ind2="0">
    <subfield code="a">Landscape architecture</subfield>
    <subfield code="x">Environmental aspects.</subfield>
  </datafield>
  <datafield tag="650" ind1=" " ind2="0">
    <subfield code="a">Landscape architecture</subfield>
    <subfield code="z">Illinois</subfield>
    <subfield code="z">Chicago.</subfield>
  </datafield>
  <datafield tag="650" ind1=" " ind2="0">
    <subfield code="a">Landscape architecture</subfield>
    <subfield code="z">Illinois</subfield>
    <subfield code="z">Riverside.</subfield>
  </datafield>
  <datafield tag="650" ind1=" " ind2="0">
    <subfield code="a">Landscape architecture</subfield>
    <subfield code="z">Michigan.</subfield>
  </datafield>
  <datafield tag="650" ind1=" " ind2="0">
    <subfield code="a">Landscape design</subfield>
    <subfield code="z">Middle West.</subfield>
  </datafield>
  <datafield tag="651" ind1=" " ind2="0">
    <subfield code="a">Lincoln Highway.</subfield>
  </datafield>
  <datafield tag="650" ind1=" " ind2="0">
    <subfield code="a">Natural landscaping.</subfield>
  </datafield>
  <datafield tag="650" ind1=" " ind2="0">
    <subfield code="a">Native plant gardening</subfield>
    <subfield code="z">United States.</subfield>
  </datafield>
  <datafield tag="650" ind1=" " ind2="0">
    <subfield code="a">Parks</subfield>
    <subfield code="z">Illinois</subfield>
    <subfield code="x">History.</subfield>
  </datafield>
  <datafield tag="650" ind1=" " ind2="0">
    <subfield code="a">Parks</subfield>
    <subfield code="z">Illinois</subfield>
    <subfield code="z">Chicago.</subfield>
  </datafield>
  <datafield tag="600" ind1="1" ind2="0">
    <subfield code="a">Sullivan, Louis H.,</subfield>
    <subfield code="d">1856-1924.</subfield>
  </datafield>
  <datafield tag="600" ind1="1" ind2="0">
    <subfield code="a">Wright, Frank Lloyd,</subfield>
    <subfield code="d">1867-1959.</subfield>
  </datafield>
  <datafield tag="852" ind1=" " ind2=" ">
    <subfield code="b">Bentley Historical Library,</subfield>
    <subfield code="a">University of Michigan,</subfield>
    <subfield code="e">Ann Arbor, Michigan 48109-2113</subfield>
  </datafield>
  <datafield tag="856" ind1="4" ind2="2">
    <subfield code="3">Finding aid:</subfield>
    <subfield code="u">http://quod.lib.umich.edu/cgi/f/findaid/findaid-idx?c=bhlead&amp;idno=umich-bhl-97105</subfield>
  </datafield>
  <datafield tag="997" ind1=" " ind2=" ">
    <subfield code="a">MARS</subfield>
  </datafield>
  <datafield tag="998" ind1=" " ind2=" ">
    <subfield code="c">KLS</subfield>
  </datafield>
</record>
